% This file was created with JabRef 2.6.
% Encoding: UTF-8

@ARTICLE{Pfurtscheller2007,
  author = {Reinhold Scherer
	
	Alois Schloegl
	
	Felix Lee
	
	Horst Bischof
	
	Janez Jan
	
	Gert Pfurtscheller},
  title = {The Self-Paced Graz Brain-Computer Interface:
	
	Methods and Applications},
  journal = {Hindawi Publishing Corporation
	
	Computational Intelligence and Neuroscience},
  year = {2007},
  owner = {tom},
  timestamp = {2011.01.09}
}

@comment{jabref-meta: selector_publisher:}

@comment{jabref-meta: selector_author:}

@comment{jabref-meta: selector_journal:}

@comment{jabref-meta: selector_keywords:}

